@book{Goldstein, 
    edition={3}, 
    title={Classical mechanics}, 
    publisher={Pearson}, 
    author={Goldstein, Herbert and Poole, Charles and Safko, John}, 
    year={2002}
    } 

@book{Taylor, 
    place={Barcelona}, 
    title={Mecánica Clásica}, 
    publisher={Reverté}, 
    author={Taylor, John R.}, 
    year={2013}
    } 

@book{Thornton, 
    place={Boston, MA}, 
    title={Classical dynamics of particles and systems}, 
    publisher={Brooks/Cole}, 
    author={Thornton, Stephen T. and Marion, Jerry B.}, 
    year={2008}
    } 

@book{Wells_1967, 
    place={New York, NY}, 
    title={Schaum’s outline of theory and Problems of Lagrangian dynamics: With a treatment of Euler’s equations of motion, Hamilton’s equations and Hamilton’s principles}, 
    publisher={McGraw-Hill}, 
    author={Wells, Dare A.}, 
    year={1967}
    } 


@book{resnick2010,
    title={F{\'\i}sica, Volumen II},
    author={Resnick, Robet and Halliday, David and Krane, Kenneth S},
    journal={Editorial Continental,},
    year={2002}
}

@BOOK{resnick2001,
    author={R. Resnick and D. Halliday and K.S. Krane},
    title={Física Volumen 1},
    publisher={Continental},
    year={2001}}